
@Misc{font,
author = "Kafka, Ondřej",
title = "Font",
subtitle = "první grafický časopis",
note = "Kafka design, s.r.o., 1991-2023",
}

@Book{rybicka2,
author = "Rybička, Jiří",
title = "Průvodce tvorbou dokumentu",
publisher = "Martin Stříž",
year = "2011",
edition = "1",
address = "Bučovice",
isbn = "978-80-87106-43-3",
}

@MastersThesis{baka,
author = "Cerhán, Filip",
title = "Porovnání nástrojů pro práci s {\LaTeX}em v prostředí Windows",
school = "Jihočeska univerzita, Přírodovědecká fakulta",
address = "České Budějovice",
year = "2013",
}

@Book{rybicka1,
author = "Rybička, Jiří",
title = "{\LaTeX} pro začátečníky",
publisher = "Konvoj",
year = "2003",
edition = "3",
address = "Brno",
isbn = "80-7302-049-1",
}

@Mastersthesis{diplomka,
author  = "Kyselák, Antonín",
title   = "Revizní systém pro {\LaTeX}",
school  = "Vysoké učení technické, Fakulta informačních technologií",
year    = "2012",
address = "Brno",
}

@Misc{davidekm,
author = "Martinek, David",
title = "Jak citovat jiné autory",
howpublished = "online",
revised = "24.2.2008",
cited = "Naposledy navštíveno 14.04.2023",
url = "http://www.fit.vutbr.cz/~martinek/latex/citace.html",    
}

@Misc{Jirkovystranky,
author = "Roubal, Jiří",
title = "Jirkovy stránky",
howpublished = "online",
revised = "31.01.2018",
cited = "Naposledy navštíveno 11.04.2023",
url = "https://roubal.copsu.cz/teaching/LaTeX/index.php",
}
















